<record><leader>00000cas a22000007a 4500</leader><controlfield tag="001">9310843</controlfield><controlfield tag="008">830315d18341834mauwr ne      0    0eng d</controlfield><datafield ind1=" " ind2=" " tag="010"><subfield code="a">sn 83020252 </subfield></datafield><datafield ind1=" " ind2=" " tag="040"><subfield code="a">NPX</subfield><subfield code="b">eng</subfield><subfield code="c">NPX</subfield><subfield code="d">OCLCQ</subfield></datafield><datafield ind1=" " ind2=" " tag="042"><subfield code="a">msc</subfield></datafield><datafield ind1="0" ind2="0" tag="245"><subfield code="a">Massachusetts Republican.</subfield></datafield><datafield ind1=" " ind2=" " tag="260"><subfield code="a">Fitchburg [Mass. :</subfield><subfield code="b">s.n.]</subfield></datafield><datafield ind1=" " ind2=" " tag="300"><subfield code="a">v. ;</subfield><subfield code="c">55 cm.</subfield></datafield><datafield ind1=" " ind2=" " tag="310"><subfield code="a">Weekly</subfield></datafield><datafield ind1="1" ind2=" " tag="362"><subfield code="a">Began with May 16, 1834 issue; ceased in 1834.</subfield><subfield code="z">Cf. Garfield, J.F.D. Sketch of journalism in Fitchburg, Mass.</subfield></datafield><datafield ind1=" " ind2=" " tag="500"><subfield code="a">"Democratic." Cf. Garfield, J.F.D. Sketch of journalism in Fitchburg, Mass.</subfield></datafield><datafield ind1=" " ind2=" " tag="500"><subfield code="a">Editor: M. Miller.</subfield></datafield><datafield ind1=" " ind2=" " tag="588"><subfield code="a">Description based on: July 11, 1834.</subfield></datafield><datafield ind1="1" ind2=" " tag="700"><subfield code="a">Miller, Mark.</subfield></datafield><datafield ind1=" " ind2=" " tag="752"><subfield code="a">United States</subfield><subfield code="b">Massachusetts</subfield><subfield code="c">Worcester</subfield><subfield code="d">Fitchburg.</subfield></datafield><datafield ind1="1" ind2=" " tag="029"><subfield code="a">AU@</subfield><subfield code="b">000025789370</subfield></datafield></record>